@book{typo,
  author    = {},
  title     = {Lexique des règles typographiques en usage à l'Imprimerie nationale},
  publisher = {L'Imprimerie nationale},
  year      = {2002},
  address   = {Paris},
  isbn      = {2-7433-0482-0}
}

@online{knuthwebsite,
  author   = {Donald Knuth},
  title    = {Knuth: Computers and Typesetting},
  url      = {http://www-cs-faculty.stanford.edu/~uno/abcde.html},
  addendum = {(accessed: 01.09.2016)},
  keywords = {latex,knuth}
}

@article{einstein,
  author   = {Albert Einstein},
  title    = {{Zur Elektrodynamik bewegter K{\"o}rper}. ({German})
              [{On} the electrodynamics of moving bodies]},
  journal  = {Annalen der Physik},
  volume   = {322},
  number   = {10},
  pages    = {891--921},
  year     = {1905},
  doi      = {http://dx.doi.org/10.1002/andp.19053221004},
  keywords = {physics}
}

@book{dirac,
  title     = {The Principles of Quantum Mechanics},
  author    = {Paul Adrien Maurice Dirac},
  isbn      = {9780198520115},
  series    = {International series of monographs on physics},
  year      = {1981},
  publisher = {Clarendon Press},
  keywords  = {physics}
}

% Introduction
@online{portableOpticalTweezers,
  title   = {Portable {Optical} {Tweezers} {Educational} {Kit}},
  author  = {Thorlabs},
  url     = {https://www.thorlabs.com/newgrouppage9.cfm?objectgroup_id=6966},
  urldate = {2025-06-09}
}
@manual{manualPortableOpticalTweezers,
  title = {Thorlabs - EDU-OT3/M Portable Optical Tweezers Educational Kit, Metric},
  author  = {Thorlabs},
  url     = {https://www.thorlabs.com/thorproduct.cfm?partnumber=EDU-OT3/M},
  urldate = {2025-06-12}
}

% Système de protection contre le laser
@manual{LaserDriverKLD101,
  title   = {K-Cube® Laser Diode Driver},
  author  = {Thorlabs},
  url     = {https://www.thorlabs.com/newgrouppage9.cfm?objectgroup_id=3355&pn=KLD101},
  urldate = {2025-06-12}
}

@online{interrupteurTelemecanique,
  title   = {XCSA501 Safety switch},
  author  = {Telemecanique},
  url     = {https://telemecaniquesensors.com/ca/fr/product/reference/XCSA501},
  urldate = {2025-06-12}
}

@online{charnierePilz,
  title   = {Charnières de sécurité PSENhinge},
  author  = {Pilz},
  url     = {https://www.pilz.com/fr-CH/products/sensor-technology/safety-switches/psenhinge-safe-hinge-switch},
  urldate = {2025-06-12}
}

@online{charniereNorelem,
  title   = {Charnière avec interrupteur de sécurité, forme B},
  author  = {Norelem},
  url     = {https://www.norelem.ch/fr/Aper%C3%A7u+du+produit/Syst%C3%A8mes-et-composants-pour-la-construction-de-machines-et-d%27installations/27000/Charni%C3%A8res/Charni%C3%A8re-avec-interrupteur-de-s%C3%A9curit%C3%A9/p/agid.20494},
  urldate = {2025-06-12}
}


@online{mdfJumbo,
  title   = {MDF Lack Line FSC noir 3mm},
  author  = {Jumbo},
  url     = {https://www.jumbo.ch/fr/construction-renovation/bois/decoupe-du-bois/panneaux-de-fibres-de-bois/panneaux-en-mdf/mdf-lack-line-fsc-noir-3mm/p/7092630},
  urldate = {2025-06-15}
}
